@INPROCEEDINGS{ michael,
    author = {Maged M. Michael},
    title = {CAS-based lock-free algorithm for shared deques},
    booktitle = {In the 9th Euro-Par Conference on Parallel Processing},
    year = {2003},
    pages = {651--660},
    publisher = {Springer Verlag}
}

@INPROCEEDINGS{ herlihy,
    author = {Maurice Herlihy and Victor Luchangco and Mark Moir},
    title = {Obstruction-free synchronization: Double-ended queues as an example},
    booktitle = {In preparation},
    year = {2003}
}

@inproceedings{ afek,
 author = {Morrison, Adam and Afek, Yehuda},
 title = {Fast concurrent queues for x86 processors},
 booktitle = {Proceedings of the 18th ACM SIGPLAN symposium on Principles and practice of parallel programming},
 series = {PPoPP '13},
 year = {2013},
 isbn = {978-1-4503-1922-5},
 location = {Shenzhen, China},
 pages = {103--112},
 numpages = {10},
 url = {http://doi.acm.org/10.1145/2442516.2442527},
 doi = {10.1145/2442516.2442527},
 acmid = {2442527},
 publisher = {ACM},
 address = {New York, NY, USA},
 keywords = {concurrent queue, fetch-and-add, nonblocking algorithm},
}

@article{ hazard,
 author = {Michael, Maged M.},
 title = {Hazard Pointers: Safe Memory Reclamation for Lock-Free Objects},
 journal = {IEEE Trans. Parallel Distrib. Syst.},
 issue_date = {June 2004},
 volume = {15},
 number = {6},
 month = jun,
 year = {2004},
 issn = {1045-9219},
 pages = {491--504},
 numpages = {14},
 url = {http://dx.doi.org/10.1109/TPDS.2004.8},
 doi = {10.1109/TPDS.2004.8},
 acmid = {987595},
 publisher = {IEEE Press},
 address = {Piscataway, NJ, USA},
 keywords = {65, Lock-free, Lock-free, synchronization, concurrent programming, memory management, multiprogramming, dynamic data structures., concurrent programming, dynamic data structures., memory management, multiprogramming, synchronization},
} 